<record><leader>00000cas a22000007a 4500</leader><controlfield tag="001">9373046</controlfield><controlfield tag="008">830404c19099999mtuwr ne      0   a0eng d</controlfield><controlfield tag="009">3770</controlfield><datafield ind1=" " ind2=" " tag="010"><subfield code="a">sn 83025295 </subfield></datafield><datafield ind1=" " ind2=" " tag="040"><subfield code="a">NPV</subfield><subfield code="b">eng</subfield><subfield code="c">NPV</subfield><subfield code="d">DLC</subfield><subfield code="d">MTL</subfield></datafield><datafield ind1="1" ind2=" " tag="029"><subfield code="a">AU@</subfield><subfield code="b">000025810871</subfield></datafield><datafield ind1=" " ind2=" " tag="042"><subfield code="a">msc</subfield></datafield><datafield ind1=" " ind2=" " tag="043"><subfield code="a">n-us-mt</subfield></datafield><datafield ind1=" " ind2=" " tag="045"><subfield code="a">w9x-</subfield></datafield><datafield ind1="0" ind2="0" tag="050"><subfield code="a">Newspaper 7002</subfield></datafield><datafield ind1=" " ind2=" " tag="052"><subfield code="a">4253</subfield><subfield code="b">Y4</subfield></datafield><datafield ind1="0" ind2=" " tag="130"><subfield code="a">Billings times (Billings, Mont. : 1909)</subfield></datafield><datafield ind1="0" ind2="4" tag="245"><subfield code="a">The Billings times.</subfield></datafield><datafield ind1=" " ind2=" " tag="260"><subfield code="a">Billings, Mont. :</subfield><subfield code="b">M.C. Morris,</subfield><subfield code="c">1909-</subfield></datafield><datafield ind1=" " ind2=" " tag="300"><subfield code="a">v. :</subfield><subfield code="b">ill. ;</subfield><subfield code="c">40-56 cm.</subfield></datafield><datafield ind1=" " ind2=" " tag="310"><subfield code="a">Weekly</subfield></datafield><datafield ind1="0" ind2=" " tag="362"><subfield code="a">Vol. 18, no. 36 (Dec. 23, 1909)-</subfield></datafield><datafield ind1=" " ind2=" " tag="500"><subfield code="a">"Official city paper."</subfield></datafield><datafield ind1=" " ind2=" " tag="500"><subfield code="a">"Democrat." Cf. N.W. Ayer.  Amer. newspaper annual and direct., 1912.</subfield></datafield><datafield ind1=" " ind2=" " tag="500"><subfield code="a">"Yellowstone County's Factpaper."</subfield></datafield><datafield ind1=" " ind2=" " tag="752"><subfield code="a">United States</subfield><subfield code="b">Montana</subfield><subfield code="c">Yellowstone</subfield><subfield code="d">Billings.</subfield></datafield><datafield ind1="0" ind2="0" tag="780"><subfield code="t">Billings weekly times</subfield><subfield code="w">(DLC)sn 84036177</subfield></datafield></record>